2108 3040
360 187 660 243 rennuentem.
717 150 722 160 ’
885 189 918 246 ιι

100 295 277 360 raetiaquot
285 306 373 358 nuper
383 294 491 359 peperit
501 290 627 345 errorent
643 291 707 343 dum
718 293 783 344 etin
793 291 918 360 polytyl.

101 360 176 412 labie
186 361 292 424 verbis,
312 361 648 427 etineyllahiebreribut,
668 361 918 423 etinalieneoede,

100 443 187 498 posse
197 429 258 479 lieri
269 428 321 480 hoe
332 429 542 480 existimabant*

139 500 230 564 Atque
239 497 371 548 hactenus
379 497 412 548 de
423 497 550 548 Licentia
558 498 742 561 Terentiana,
762 497 850 566 deque
860 495 919 548 elue

101 564 248 628 limitibus,
257 566 445 616 modicissane
452 565 799 633 illisnoqueiucommodis:
810 564 919 632 qualm

102 631 187 684 hodie
198 635 227 684 in
236 633 329 701 Poetis
339 635 510 685 nostratibus
519 636 663 702 patriaque
673 635 768 702 lingua
781 636 929 700 patienter·

102 701 229 753 serimus.
266 703 339 764 Quin
358 707 388 753 et
407 706 495 753 ausim
513 703 640 768 polliceri
660 717 830 769 sponsorque
851 699 919 764 itere,
1015 709 1018 716 '

102 769 230 836 quemvis
247 765 458 831 adoleecentem,
487 771 700 838 vulgarismodo
719 770 869 821 Prosodiae
890 775 920 820 et
979 791 981 798 ¹

73 885 76 892 ,
103 837 284 903 Syllabarum
294 837 456 910 quantitatis
467 839 623 899 callentem,
634 838 919 904 lectaonaelteraqut

101 894 240 976 Editioff's
251 903 332 955 huius
343 904 454 966 Scaena,
464 919 514 955 suo
524 905 615 956 Marte
626 920 659 955 ac
668 907 920 978 sineMagistroto

101 979 164 1024 tum
183 971 236 1024 hoc
255 974 330 1040 quod
348 975 490 1040 quaeritur
509 978 710 1038 percepturum.
751 975 812 1035 Quo
831 975 919 1040 magis

102 1025 219 1103 mirum,
241 1041 373 1109 quosdam
385 1046 478 1093 cetera
488 1041 668 1104 doctissimos,
685 1041 734 1092 ted
744 1043 772 1091 in
784 1040 825 1090 hie
836 1042 919 1093 rebus

103 1109 189 1176 paulo
201 1105 435 1174 ὄψιμαθιστέρους,
455 1113 513 1159 tam
532 1109 832 1160 immodicavcrborum
842 1123 918 1175 pom·

103 1192 180 1244 paee
191 1181 219 1228 et
229 1190 339 1243 operam
350 1191 426 1228 ouem
437 1175 549 1228 efferre:
562 1178 638 1244 quasi
648 1182 743 1228 tantae
752 1177 834 1228 molis
846 1181 920 1228 esset

103 1247 256 1298 Romanam
266 1259 339 1294 nunc
348 1243 509 1306 Licentiam,
521 1247 641 1311 quantae
652 1246 718 1296 olim
729 1252 790 1296 erat
800 1246 917 1296 Gentem

103 1313 269 1377 condidisse,
290 1311 385 1380 Neque
395 1317 496 1374 tamen,
507 1316 529 1362 ei
539 1315 590 1377 ipsi
602 1313 730 1364 audiendi
741 1319 815 1374 sunt,
824 1315 919 1361 immo·

104 1383 161 1433 rito
172 1381 339 1448 gloriantur:
359 1379 465 1430 cumvex
476 1395 571 1431 eorum
583 1381 721 1430 sententie
731 1378 800 1431 nihil
810 1394 864 1429 non
875 1393 919 1429 ro·
939 1430 943 1437 ,

103 1451 210 1500 teribus
225 1449 343 1499 corneis
362 1451 391 1498 et
405 1446 515 1497 licuerit
529 1452 558 1496 ot
573 1446 697 1500 libuerit:
717 1451 749 1496 ut
767 1452 823 1497 tem
833 1461 919 1513 ragat

102 1517 244 1581 Licentiae
255 1517 357 1568 limites
366 1514 439 1565 ullo‘s
450 1515 581 1580 posuisse,
600 1515 714 1580 perinde
723 1516 760 1565 sit
769 1531 802 1566 ac
813 1513 920 1567 Sarma·

18 1630 21 1634 ,
103 1591 148 1637 tas
158 1590 186 1636 ct
196 1585 318 1636 Gelonos
327 1585 401 1636 intra
411 1597 521 1650 campos
531 1597 595 1633 suos
606 1585 768 1636 coercuisse.
783 1583 919 1636 Nimirum

102 1653 131 1706 iri
142 1668 197 1704 non
207 1655 282 1718 ipsos
291 1652 400 1715 Polites,
410 1665 465 1702 non
476 1657 564 1703 artem
575 1657 604 1704 et
612 1652 717 1720 rythmi
728 1655 853 1718 genium,
869 1653 919 1704 sed

103 1722 247 1774 Librarioe
262 1721 314 1772 sihi
329 1720 412 1772 duces
427 1727 551 1783 eumunt3
572 1721 721 1772 ettotfere
731 1723 919 1772 Licentiarum

102 1791 209 1856 species
223 1789 277 1840 eibi
295 1791 409 1856 lingunt,
420 1794 487 1856 quot
505 1791 533 1840 in
549 1793 610 1838 toto
621 1788 720 1840 Plauto
730 1790 918 1856 Terentioque

102 1858 576 1919 vitiosaeLectione'snuncreetant;
586 1855 765 1920 uniqueloco,
776 1859 821 1924 qui
830 1873 918 1910 emen-

103 1927 211 1978 dandus
231 1930 306 1987 erat,
325 1939 360 1978 er
378 1925 468 1976 altero
483 1939 570 1992 neque
585 1926 716 1976 mendoso
734 1927 917 1992 patrocinium

104 1999 249 2062 quaerunt.
285 1993 357 2055 Quid
374 1995 472 2044 mirum
489 1995 587 2060 igitur3
606 1995 630 2044 si
641 2009 696 2061 quo
708 1996 797 2045 maior
811 1995 850 2044 iie
860 1999 918 2044 tam

102 2063 192 2120 falsae
207 2064 339 2115 Metricae
359 2063 458 2112 notitia
473 2063 603 2123 accrevit,
622 2064 700 2114 eoin
716 2063 789 2123 dies,
808 2067 841 2111 ut
855 2075 919 2128 que·

102 2137 218 2193 mntur,
236 2131 323 2196 magis
337 2129 491 2182 decreverit
505 2129 726 2180 emendationum
742 2141 853 2179 suarum
869 2145 918 2180 nu·

103 2198 215 2250 meruel
233 2199 315 2260 lllud,
335 2199 357 2247 si
369 2197 486 2258 dubitas,
507 2196 632 2262 exemplo
644 2198 691 2258 sit3
711 2197 758 2248 ubi
769 2197 858 2248 Plauti
870 2213 917 2250 eu·

3 2273 6 2282 '
103 2268 235 2319 ctoritate
244 2267 327 2332 pedes
340 2266 461 2318 creticos
471 2265 499 2314 in
510 2266 656 2318 Trimetrie
670 2264 834 2318 adsciscunt.
864 2267 917 2320 Lo·
975 2325 979 2333 s

103 2347 153 2386 cus
173 2333 393 2401 elegantissimus
409 2338 466 2397 est,
485 2333 647 2387 Trinummo
668 2333 691 2398 l,
708 2335 727 2388 2
744 2337 773 2387 in
798 2333 918 2387 Vetanus

103 2401 400 2471 quosventScurras,
484 2418 486 2422 ·

140 2469 196 2534 Qui
204 2471 293 2523 omnia
303 2486 330 2522 te
339 2471 468 2523 circuiunt
477 2468 554 2534 cette,
569 2487 619 2524 nec
628 2470 768 2540 quidquem
777 2470 882 2522 scium.-

140 2537 219 2602 Quod
226 2538 336 2607 purisque
345 2538 375 2592 in
385 2537 473 2591 animo
484 2539 563 2590 tutet
572 2549 622 2591 eut
631 2539 794 2602 habiturust,
813 2539 916 2592 sciunt:

141 2606 252 2672 Sciunt,
271 2607 379 2676 quodie
390 2623 482 2659 aurem
492 2609 541 2659 re'x
550 2608 661 2675 reginae
671 2605 787 2660 dixerit:
825 2635 828 2640 ,

139 2674 244 2740 Saittai,
263 2677 334 2746 quod
340 2675 573 2748 Iunofdbulotatt
582 2691 641 2727 com
650 2675 727 2792 [gage
