2122 3036
197 130 249 188 282
381 185 393 196 ,
442 83 713 184 Pfloemlomm

107 279 109 284 .
155 238 186 291 sd
198 234 226 288 Si
238 232 316 286 illdm
327 233 415 284 minus
427 238 520 284 notata
540 232 641 301 quippe
652 230 734 284 homo
748 232 805 284 iam
817 230 972 301 grandior,

198 304 316 371 Pauper,
328 305 371 355 cui
382 305 410 353 in
421 317 504 370 opere
513 303 571 353 vita
580 310 648 364 enat,
659 303 718 354 ruri
729 302 788 354 iere

198 373 234 428 Se
245 373 415 426 continebat:
426 372 464 422 ibi
474 386 570 439 agrum
581 373 615 423 de
625 371 720 424 nostro
733 378 812 438 patre

199 444 352 496 Colendum
362 441 494 492 habebat:
505 442 586 508 sao'pe
596 444 703 502 interea
713 441 779 492 mmi
790 455 874 494 senex

198 512 346 576 Narrabat,
356 526 386 566 se
396 509 469 562 liuiic
479 512 622 580 necligere
633 511 779 578 cognatdm
790 525 884 561 suum:

156 583 235 638 solt
250 583 331 652 qoem
346 579 453 633 siruml
473 597 555 650 quem
568 595 622 649 ego
636 581 751 650 siderim
763 581 793 631 in
808 582 866 632 vita
881 577 970 648 optu-

293 689 295 694 ,
408 665 493 702 mum

201 731 258 784 GE.
269 717 369 772 Videas
379 723 407 772 te
418 726 501 788 atque
512 719 599 783 illum,
610 724 642 772 ut
650 715 764 772 ndrrasl
774 727 837 770 1²11.
846 719 856 769 i
865 719 895 769 in
905 725 968 772 nia·

408 789 592 841 ldmerueem.

201 858 272 913 Nam
278 859 307 908 ni
315 858 354 909 its
360 853 420 908 sunl
428 861 508 909 existi
513 860 638 920 exissem,
649 872 797 925 numquam
807 856 863 908 tim
870 859 970 924 gnavis

201 931 244 980 Ob
258 927 329 976 hane
343 927 499 976 inimicitias
510 928 633 992 ciperem
649 929 677 976 in
688 933 809 994 nostram
820 926 968 992 similiani,

201 997 289 1058 Quam
301 996 324 1044 is
333 993 499 1060 aspernatur
509 995 580 1046 ndne
590 1002 646 1046 tam
657 995 846 1047 inliberaliter.

159 1067 192 1122 25
204 1075 261 1120 Gli.
274 1064 376 1130 Pergin
387 1063 435 1114 esd
445 1065 552 1116 absenti
565 1065 635 1116 malle
646 1066 730 1132 loqui,
741 1064 938 1132 inpurissimel

200 1143 265 1189 ΡΗ.
284 1135 407 1201 Dignum
423 1133 514 1184 adtem
531 1133 583 1185 hoe
597 1135 707 1186 illoest.
729 1145 785 1188 GE.
802 1134 848 1187 ain
859 1141 966 1200 tamen,

407 1203 519 1254 carcer!
530 1215 554 1255 D
563 1213 590 1255 Ε.
604 1205 683 1256 Geta.

201 1281 253 1327 eid.
264 1269 405 1324 Bonorum
413 1278 546 1335 extortor,
557 1271 645 1342 ldgum
653 1271 804 1326 contortor.
816 1269 962 1325 DmGeta.

200 1353 264 1397 ΡΗ.
275 1343 429 1410 Responde.
441 1352 493 1395 os.
504 1344 565 1410 qnis
573 1343 653 1395 homo
661 1343 720 1396 esti
729 1342 817 1413 ehem.
828 1349 884 1394 od.
891 1349 963 1396 tace.

408 1421 463 1464 eli.
475 1414 583 1464 absenti
594 1415 645 1465 tibi

200 1481 241 1533 Te
252 1480 379 1550 indignas
391 1487 474 1548 atque
483 1482 579 1547 dignas
590 1483 770 1534 contumelias

157 1535 357 1616 50N11n1qualn
369 1552 486 1602 cessavit
497 1552 597 1602 (licere.
609 1565 633 1604 ι)
643 1562 669 1603 Ε.
678 1552 732 1602 ohe
744 1551 847 1602 desine.

199 1619 375 1681 Adulescens,
392 1621 508 1684 primum
520 1622 569 1670 abs
581 1627 608 1672 te
619 1621 670 1672 laic
681 1623 752 1672 bona
761 1623 841 1672 venia
851 1618 962 1686 expeto,

200 1687 229 1740 Si
240 1689 290 1740 tibi
304 1688 416 1756 placere
428 1688 499 1754 pdtis
511 1696 560 1751 est,
572 1693 608 1740 mi
620 1697 651 1742 ut
661 1690 841 1757 respdndeas:

199 1760 287 1820 Quem
300 1759 418 1810 amicum
429 1764 506 1808 tuum
520 1759 747 1822 aisiuissoistum‚
758 1757 961 1826 explanamihiz

198 1827 237 1878 Et
248 1827 296 1893 qui
306 1833 453 1893 cognatum
466 1827 508 1878 md
519 1830 571 1879 sibi
584 1846 643 1881 esse
652 1830 766 1881 diceret.

157 1896 190 1951 55
201 1904 265 1948 ΡΗ.
275 1896 394 1947 Proinde
405 1895 544 2000 expiscere
556 1900 633 1964 quiesi
643 1914 698 1950 non
709 1913 812 1951 nosses.
828 1906 888 1953 DE.
899 1895 960 1948 nos·

406 1969 480 2014 sem'.
492 1974 555 2014 ΡΗ.
567 1969 614 2018 ita.

64 2081 69 2104 ,
165 2037 169 2044 “
199 2042 259 2090 ΠΕ.
278 2035 338 2101 Ego
349 2033 392 2085 md
404 2050 485 2102 nego:
496 2041 526 2086 tu
537 2036 586 2104 qui
595 2037 635 2088 ais
645 2037 740 2104 redige
750 2039 777 2088 in
789 2036 957 2089 mimoriam.
1050 2061 1051 2066 =

111 2117 115 2134 “
199 2113 256 2156 ΡΗ.
270 2104 328 2156 Eho
340 2104 370 2155 td
380 2105 520 2158 sobrinum
532 2106 610 2158 tudm
622 2122 676 2158 non
684 2106 782 2158 norasl
792 2117 849 2159 DE.
859 2108 957 2159 e'nieas.
1050 2115 1051 2151 l

198 2169 573 2229 Diendnien.Pss.nonienl
589 2186 643 2229 Did
665 2169 957 2244 maxiunesquidndne
1046 2205 1050 2218 -

405 2244 498 2296 taces!

198 2316 260 2364 PH.
279 2309 466 2374 Pestilente,
483 2331 581 2366 nomen
591 2314 708 2380 perdidi.
728 2313 873 2378 DE.hem‚
893 2314 956 2384 quid
973 2313 979 2332 '

409 2382 500 2444 aial]³
507 2398 539 2434 ss.
551 2385 630 2446 Geta,

158 2448 193 2503 lo
203 2447 232 2500 si
243 2447 389 2500 meministi
401 2451 427 2500 id
439 2453 512 2517 quod
529 2453 595 2503 dlim
606 2455 746 2517 dictumst,
765 2451 875 2506 sdbiice.
890 2451 957 2518 hem,

200 2518 261 2570 Non
275 2518 349 2568 dico:
361 2521 438 2586 quasi
450 2536 503 2570 non
515 2521 599 2584 nimis,
610 2529 772 2590 temptatum
784 2523 903 2574 advenis.

136 2605 141 2610 ·
200 2595 261 2640 DE.
271 2588 367 2656 Egone
378 2588 468 2640 adtem
480 2591 604 2656 temptet
618 2603 668 2646 eo.
680 2592 798 2661 Stilpho.
808 2601 866 2646 PH.
878 2597 957 2662 atque
1045 2641 1047 2654 .

407 2659 476 2713 odeo
488 2661 554 2728 quid
565 2661 643 2714 meai
868 2673 871 2681 ¹
