2108 3040
383 121 678 212 TERle‘PIANIS.
801 173 805 180 ·
922 159 940 213 a

117 261 158 315 de
171 276 227 330 quo
238 260 446 328 posteadicam,
467 261 633 312 aliam-mibi
642 261 793 316 scansionis
802 263 939 315 rationem

116 331 243 392 institui,
264 328 719 396 pardanndtcrscilicetrqoffliur'qr,
738 329 890 393 hocurodo,

158 397 205 449 Po
221 395 227 465 Ι
242 397 285 450 e'ta
296 393 397 448 dederit
412 392 417 462 Ι
433 397 799 462 ᾳιιαέιιιηῐαᾶοῐεεοέηιίαηιε

93 501 104 515 .
118 469 217 534 primo
228 465 367 531 semipede
382 466 459 530 quasi
478 465 611 515 subducto
627 470 657 515 et
674 466 782 530 abciso,
800 481 881 518 versu
895 479 941 520 au·

119 541 182 586 tem
203 537 232 584 in
253 533 402 599 Dactylum
421 533 466 583 vel
480 533 618 584 Creticum
637 539 764 585 exeunte.
801 533 942 602 Siquidem

119 603 180 653 ista
190 601 296 651 διποδίιι
311 615 345 652 ex
355 599 504 652 Troebaeie
515 601 634 662 duobus,
653 603 696 653 rel
707 617 762 653 uno
773 607 801 655 et
812 601 830 655 S
852 604 941 654 ondeo

97 698 101 708 ι
120 671 183 721 rire
194 671 316 734 Epitrito
326 669 451 722 secundo.
458 675 599 731 constans,
611 667 805 736 ,Commodare,
825 617 942 722 garamo·

121 737 203 800 dcci,
221 743 251 788 et
271 753 332 808 cum
352 737 487 788 Caesurae
507 737 601 788 indole
621 741 760 790 convenit:
797 745 826 791 et
844 753 941 792 rerum

121 807 231 860 lambei
247 805 390 871 rythmum
403 805 520 856 auribus
529 807 665 869 insinuat5
692 813 720 858 et
730 807 846 871 Poetae,
874 809 940 859 dum

121 889 224 926 versus
234 868 285 924 bos
297 873 457 935 lubricatur,
476 875 623 940 praecipue
633 881 752 927 mentem
764 877 892 942 occupat3
903 882 941 938 et,

122 941 355 1012 quodmaximum
363 947 415 1005 est,
426 943 454 991 in
462 945 534 992 omni
541 941 599 994 fere
608 943 780 995 comicorum
788 951 940 996 metrorum

122 1025 228 1079 genere
236 1011 418 1076 principatum
425 1010 543 1073 obtinet3
561 1025 833 1080 rerumquecausam,
852 1014 941 1063 curin

121 1091 182 1130 uua
193 1077 342 1130 Comoedia
356 1083 537 1148 totrerpuum
547 1081 653 1146 species
667 1077 861 1144 adhibeantur,
879 1079 942 1132 nola

123 1145 307 1202 dernenstrat
331 1203 336 1210 p

161 1215 352 1278 Quintilianus
378 1215 498 1268 institut.
519 1219 597 1270 Orat.
617 1217 655 1281 X,
677 1217 699 1270 l.
740 1217 779 1271 'ln
800 1215 941 1269 Comoedia

123 1284 242 1336 maxrbre
258 1284 453 1348 claudicamur,
473 1315 483 1326 -
502 1285 565 1337 licet
579 1289 703 1340 Terentii
718 1287 819 1352 scripta
835 1287 871 1336 ad
885 1285 941 1336 Sei·

123 1352 230 1420 pionem
249 1351 412 1424 Africam
436 1353 616 1422 referentum·
649 1369 717 1420 quae
736 1361 826 1402 tamen
845 1353 874 1404 in
894 1351 940 1403 boe

121 1436 223 1490 genere
242 1429 306 1472 rant
331 1418 546 1486 elegantiarum
585 1421 679 1484 etplur
702 1417 794 1470 crine*
812 1417 941 1471 debitara

122 1488 251 1561 patiar,
271 1488 296 1539 ri
313 1485 491 1538 intraveram
505 1482 654 1537 Trimetror
667 1487 810 1542 rtetirtent.
846 1485 942 1539 Mirili·

128 1571 190 1608 cum
202 1571 270 1608 san-e
278 1555 369 1624 magni
381 1553 510 1605 Rhetoris
518 1553 662 1606 iudicium!
690 1557 813 1624 optabat
826 1555 942 1625 scilicet,

126 1625 160 1674 ut
169 1625 291 1676 rabulae
301 1623 494 1684 Terentianae,
513 1625 621 1690 quaein
630 1625 719 1690 primo
730 1627 861 1694 cuiusque
871 1628 942 1678 netu

89 1738 91 1742 .
128 1697 161 1745 et
168 1691 274 1744 Scaena
285 1708 306 1743 a.
312 1693 458 1742 Trimetris
465 1690 643 1754 inchoantur,
654 1694 752 1746 eodem
761 1701 850 1746 metro
861 1709 892 1746 ac
903 1700 942 1745 te·

128 1772 199 1810 nora
221 1775 272 1826 per
299 1759 394 1811 omncs
413 1759 497 1812 Actus
518 1759 694 1826 scaenaeque
713 1763 941 1813 decucurrinaent.

129 1827 408 1896 Credereaproiecto
427 1825 566 1879 bominem
586 1842 734 1896 numquam
754 1829 886 1882 Scaeuam
905 1831 943 1878 vi-

128 1895 210 1958 disse,
228 1895 555 1962 numquam·comoedum
566 1901 659 1960 partes
669 1909 733 1946 ruas
745 1903 871 1965 agentem
882 1911 942 1962 rpe-

130 1965 255 2017 ctavisse.
285 1964 357 2026 Quid
368 1961 472 2013 voluiti
498 1963 572 2030 quod
582 1978 634 2014 nec
642 1963 796 2016 Menander
805 1983 856 2017 nec
867 1965 942 2016 ullus

131 2031 300 2082 Graecorum
310 2031 384 2095 fecit,
403 2033 550 2082 Terentius
560 2035 592 2080 ut
601 2029 724 2083 faceret!
740 2039 772 2083 ut
781 2036 834 2096 ira,
842 2040 942 2098 metus,

131 2097 274 2162 exultatio,
284 2099 374 2161 dolor,
389 2099 532 2166 gaudium
553 2104 580 2150 et
590 2101 700 2166 quietae
711 2115 756 2151 res
767 2105 795 2152 et
804 2101 942 2166 turbatae,

132 2167 228 2220 eodem
242 2174 330 2220 metro
342 2168 417 2218 lente
433 2166 599 2232 agerenturi
616 2173 649 2216 ut
658 2167 771 2220 Tibicen
781 2169 891 2238 paribus
901 2177 942 2221 to·

131 2236 173 2286 nis
189 2242 379 2302 perpetuoque
393 2237 500 2286 cantico
510 2237 695 2300 spectantium
710 2250 791 2289 aures
802 2239 845 2289 vel
856 2239 943 2288 delas·

132 2309 207 2356 taret
215 2305 259 2355 vel
269 2303 438 2357 offenderetl
465 2303 585 2354 'l'antum
597 2303 686 2368 abest,
705 2310 738 2356 ut
747 2320 779 2356 eo
790 2314 872 2372 pacto
878 2308 943 2372 plur

128 2371 241 2442 gratioe
260 2369 388 2427 habitura
408 2370 603 2443 erret'fobulc,
631 2378 662 2424 ut
681 2376 856 2440 quantumvis
873 2375 944 2426 bene
1031 2417 1033 2420 .

131 2445 251 2502 morata,
263 2457 267 2464 ·
279 2443 451 2506 quantumvis
465 2440 539 2498 belle
553 2443 667 2506 scripta,
694 2443 812 2508 gratiam
830 2455 943 2506 prorsus

74 2523 81 2530 ·
133 2523 239 2559 omnem
250 2508 420 2574 perdidisset.
438 2509 478 2569 ,ld
490 2509 569 2574 primi
582 2511 653 2560 Artis
664 2515 819 2576 repertores
829 2509 944 2578 pulchre

132 2575 274 2638 ddebant;
293 2576 467 2627 delectabant
477 2591 543 2643 ergo
553 2578 687 2629 varietate
698 2579 770 2643 ipsa,
781 2577 941 2644 diversaque

133 2639 331 2708 ἥθηκαὶπάθη
348 2643 456 2697 diverso
475 2647 594 2698 carmine
608 2639 860 2712 repraesentabant.
883 2646 941 2698 Ma·
