2108 3040
212 637 702 762 prouectus.
804 655 815 724 .·

68 897 108 982 Si
120 925 269 1000 quisquam
282 927 332 994 est,
344 933 389 999 qut
400 929 510 998 plaedre
520 949 550 986 se
560 925 693 989 studetnt
702 937 781 995 bonis

68 1004 158 1064 Quam
171 1001 308 1066 plurimis,
318 1007 346 1052 et
357 1002 467 1055 minime
478 1004 581 1056 multos
591 1007 712 1074 laedere,
783 1051 787 1058 .

66 1071 96 1122 in
108 1070 153 1120 his
165 1073 249 1136 poeta
260 1069 304 1122 hie
314 1069 412 1126 ndmen
424 1073 571 1138 profitetrir
581 1091 670 1126 suum.

67 1141 140 1192 Tum
152 1139 241 1206 siquis
252 1146 304 1203 est,
315 1141 360 1207 ¹qui
373 1141 475 1192 dictum
486 1144 516 1192 in
525 1159 555 1195 se
565 1143 760 1198 inclementius

67 1209 246 1261 Existimarit
256 1209 324 1270 dsse,
335 1210 373 1259 sic
384 1209 531 1276 existimet,
742 1232 748 1238 ·
820 1263 825 1276 ,
880 1217 897 1270 5

67 1276 253 1343 Respdnsum,
263 1294 318 1328 nun
330 1278 433 1330 dietum
445 1280 513 1342 tuse,
520 1283 584 1346 quie
594 1281 678 1332 laesit
688 1281 777 1348 prior:
806 1327 809 1332 .

68 1348 121 1408 Qui
131 1347 204 1398 bene
215 1347 357 1408 vertendo,
369 1353 397 1398 et
407 1348 674 1399 eusdemscribendd
685 1350 767 1412 mule,
777 1363 811 1401 ex

69 1415 186 1468 Graecis
197 1417 277 1477 bonis
288 1416 404 1467 Latinas
415 1415 483 1466 iecit
493 1415 549 1466 ndu
560 1417 662 1470 bonas:

67 1485 137 1538 item
148 1483 181 1534 dt
191 1485 337 1536 Menandri
348 1482 467 1534 Piuisma
477 1500 550 1547 nune
561 1483 646 1551 nupdr
657 1483 747 1536 dedit:

11 1577 12 1582 =
70 1555 160 1620 Atque
171 1553 199 1603 in
211 1553 356 1616 Thesauro
364 1553 483 1619 scripsit,
494 1569 604 1604 causam
618 1554 708 1606 dicere
866 1574 897 1610 ιο
969 1587 975 1594 ·

71 1622 153 1674 Prius
165 1621 238 1676 dude
248 1626 361 1688 petitur,
372 1621 468 1674 srirum
480 1638 566 1690 quare
577 1623 614 1674 sit
623 1639 713 1688 suurn,

72 1692 161 1754 Quam
171 1691 228 1742 iilic
239 1693 285 1758 qui
297 1694 375 1758 petit,
385 1693 458 1745 unde
469 1692 491 1742 is
501 1695 538 1742 sit
547 1692 694 1744 thesauriis
704 1693 770 1745 sibi:

71 1764 124 1812 Aut
135 1759 209 1811 imde
218 1763 245 1810 in
259 1763 377 1826 putrium
388 1760 596 1812 mdnumentum
608 1761 773 1826 pervinerit.

70 1827 189 1891 Dehinc,
200 1829 234 1882 ud
246 1830 398 1882 frustretur
407 1830 464 1944 ifise
475 1846 513 1892 se,
524 1836 572 1880 aut
582 1831 621 1879 sic
632 1827 746 1896 migitet,

71 1896 227 1948 Defunctus
238 1900 292 1946 iam
303 1895 412 1956 summi
434 1897 454 1944 il
464 1901 507 1946 est
518 1897 591 1962 quod
603 1897 677 1949 diceit
685 1897 767 1950 mihis
864 1895 896 1953 15

70 1967 96 2018 ls
106 1983 142 2017 ne
153 1965 239 2026 erret,
247 1979 355 2026 moneo,
366 1970 394 2015 et
403 1963 511 2015 desinat
520 1965 664 2018 luee'ssere.

70 2035 168 2088 Habeo
179 2033 235 2089 iliu
245 2034 343 2095 muita,
354 2032 425 2084 minu
436 2049 506 2100 quae
517 2036 734 2100 condondbitur3

71 2105 148 2166 Quae
157 2101 337 2174 prdierentur
348 2101 420 2168 pdst,
430 2105 453 2152 si
465 2109 561 2169 perget
572 2105 698 2167 laedere3

71 2174 154 2226 itaut
165 2171 257 2224 ficere
268 2173 398 2222 instituit.
418 2170 499 2236 quim
512 2187 584 2222 nune
595 2173 685 2222 acturi
695 2185 789 2222 sumus

71 2239 217 2294 Mentndri
229 2239 399 2301 Eunuchum,
410 2238 554 2306 pdstquem
564 2241 675 2292 Aediles
686 2239 826 2305 dmeruut5
861 2257 896 2294 20
922 2279 926 2288 .

71 2309 201 2372 Perfecit,
213 2311 265 2360 sibi
275 2316 306 2360 ut
316 2308 480 2375 inspiciundi
491 2314 565 2361 esset
576 2309 664 2376 edpia.
745 2335 749 2341 ·

70 2379 253 2445 Magistrttus
263 2395 325 2430 eum
334 2380 371 2430 ibi
381 2378 518 2443 adessent,
529 2378 672 2446 occeptdst
681 2381 735 2450 egi.

71 2447 226 2510 Exeldmat,
237 2447 337 2510 furem,
347 2447 402 2499 ndu
412 2452 531 2515 puttam,
543 2448 667 2508 fibulum

73 2515 199 2580 Dedisse,
211 2523 240 2569 et
249 2518 291 2568 nii
300 2517 409 2569 dedisse
420 2518 566 2570 verberum
577 2525 684 2570 tamen:

75 2587 202 2638 Colacem
212 2587 273 2640 esse
285 2603 391 2654 nempe,
403 2587 493 2638 Plauti
503 2594 624 2640 veterem
636 2585 771 2638 subulam:
860 2584 893 2639 25
915 2629 919 2637 .

74 2653 193 2710 Parasiti
203 2659 351 2726 personam
361 2657 426 2716 inde
435 2657 557 2716 ablatam
568 2663 597 2712 et
606 2655 722 2742 milities
740 2682 742 2688 ·
